%%% SVN stuff
\svnid{$Id: ARTIFACT_OCD.tex 116 2024-05-24 15:30:54Z KneadProject $}

