%%% SVN stuff
\svnid{$Id: KNEAD_ArtifactReferences.bib 126 2024-07-14 03:51:40Z KneadProject $}
